% Abbreviations for BibTeX files:

% Journals

@STRING{ACTA = "Acta Informatica"}
@STRING{BIT = "BIT"}
@STRING{BSTJ = "Bell System Technical Journal"}
@STRING{CACM = "Comm. of the ACM"}
@STRING{COMP = "IEEE Computer"}
@STRING{COMPJOUR = "The Computer Journal"}
@STRING{COMPLANG = "Journal of Computer Languages"}
@STRING{COMPSUR = "ACM Computing Surveys"}
@STRING{LASC = "Lisp and Symbolic Computation: An International Journal"}
@STRING{IANDC = "Information and Control"}
@STRING{IBMJRD = "IBM Journal of Research and Development"}
@STRING{IBMSJ = "IBM Systems Journal"}
@STRING{IEEESW = "IEEE Software"}
@STRING{IEEETSE = "IEEE Transactions on Software Engineering"}
@STRING{IEEETC = "IEEE Transactions on Computers"}
@STRING{IJCIS = "International Journal of Computer and Information Sciences"}
@STRING{IJMMS = "International Journal of Man-Machine Studies"}
@STRING{IPL = "Information Processing Letters"}
@STRING{JACM = "Journal of the ACM"}
@STRING{JCSS = "Journal of Computer and System Sciences"}
@STRING{JSANDS = "Journal of Systems and Software"}
@STRING{MATHST = "Mathematics Systems Theory"}
@STRING{NMATH = "Numerical Mathematics"}
@STRING{SIAMJC = "Siam Journal on Computing"}
@STRING{SIAMJNA = "Siam Journal on Numerical Analysis"}
@STRING{SIGACT = "SIGACT News"}
@STRING{SIGPLAN = "SIGPLAN Notices"}
@STRING{SIGSOFT = "Software Engineering Notes"}
@STRING{SPE = "Software---Practice and Experience"}
@STRING{TOCS = "ACM Transactions on Computer Systems"}
@STRING{TODS = "ACM Transactions on Database Systems "}
@STRING{TOMS = "ACM Transactions on Mathematical Software"}
@STRING{TOOIS = "ACM Transactions on Office Information Systems"}
@STRING{TOPLAS = "ACM Trans. on Programming Languages and Systems"}

% Random Abbreviations

@STRING{ACM = "Association for Computing Machinery"}
@STRING{IEEE = "Institute of Electrical and Electronic Engineers"}
@STRING{IBM = "International Business Machines"}
@STRING{LISPC80 = "Conference Record of the 1980 Lisp Conference"}
@STRING{LISPC82 = "Conference Record of the 1982 ACM Symposium on LISP and Functional Programming"}
@STRING{LISPC84 = "Conference Record of the 1984 ACM Symposium on LISP and Functional Programming"}
@STRING{LISPC86 = "Conference Record of the 1986 ACM Symposium on LISP and Functional Programming"}
@STRING{LISPC88 = "Proceedings of the 1988 ACM Conference on LISP and Functional Programming"}
@STRING{LISPC90 = "Proceedings of the 1990 ACM Conference on LISP and Functional Programming"}
@STRING{LISPC92 = "Proceedings of the 1992 ACM Conference on LISP and Functional Programming"}
@STRING{CSRD = "Center for Supercomputer Research and Development"}
@STRING{UCBCS = "Computer Science Division (EECS), University of California, Berkeley"}
@STRING{CMUCS = "Department of Computer Science, Carnegie-Mellon University"}
@STRING{CUCS = "Department of Computer Science, University of Colorado"}
@STRING{WISCCS = "Computer Sciences Dept., Univ. of Wisconsin---Madison"}
@STRING{SUCSL = "Computer Systems Laboratory, Stanford University"}
@STRING{DECSRC = "Digital Equipment Corporation System Research Center"}
@STRING{DECWRL = "Digital Equipment Corporation Western Research Labortory"}
@STRING{PARC = "Xerox Palo Alto Research Center"}
@STRING{SIGPLANNOTICES = "ACM SIGPLAN Notices"}

@STRING{OOPSLA86 = "OOPSLA'86 Conference Proceedings"}			  
@STRING{OOPSLA87 = "OOPSLA'87 Conference Proceedings"}			  
@STRING{OOPSLA88 = "OOPSLA'88 Conference Proceedings"}			  
@STRING{OOPSLA91 = "OOPSLA'91 Conference Proceedings"}			  
@STRING{OOPSLA95 = "Proceedings of the ACM Conference on Object-Oriented Programming Systems, Languages and Applications"}			  

@STRING{SIGPLAN88 = "Proceedings of the SIGPLAN'88 Conference on Programming Language Design and Implementation"}
@STRING{SIGPLAN89 = "Proceedings of the SIGPLAN'89 Conference on Programming Language Design and Implementation"}
@STRING{SIGPLAN90 = "Proceedings of the SIGPLAN'90 Conference on Programming Language Design and Implementation"}
@STRING{SIGPLAN91 = "Proceedings of the SIGPLAN'91 Conference on Programming Language Design and Implementation"}
@STRING{SIGPLAN92 = "Proceedings of the SIGPLAN'92 Conference on Programming Language Design and Implementation"}
@STRING{SIGPLAN93 = "Proceedings of the SIGPLAN'93 Conference on Programming Language Design and Implementation"}
@STRING{pldi93 = "Proceedings of the SIGPLAN'93 Conference on Programming Language Design and Implementation"}
@STRING{pldi94 = "Proceedings of the SIGPLAN'93 Conference on Programming Language Design and Implementation"}
@STRING{popl96 = "Thirteenth ACM Symposium on Principles of Programming Languages"}
@STRING{SIGPLAN94 = "Proceedings of the Conference on Programming Language Design and Implementation"}
@STRING{ASPLOS1 = "Proceedings of the Symposium on Architectural Support for Programming Languages and Operating Systems"}
@STRING{ASPLOS2 = "Second Conference on Architectural Support for Programming Languages and Operating Systems (ASPLOS II)"}
@STRING{ASPLOS3 = "Proceedings of the Third International Conference on Architectural Support for Programming Languages and Operating Systems (ASPLOS III)"}
@STRING{ASPLOS4 = "Proceedings of the Fourth International Conference on Architectural Support for Programming Languages and Operating Systems (ASPLOS-IV)"}
@STRING{ASPLOS5 = "Proceedings of the Fifth International Conference on Architectural Support for Programming Languages and Operating Systems (ASPLOS-V)"}
@string{ASPLOS-VI = "Six International Conference on Architectural Support for Programming Languages and Operating Systems"}

@string{ASPLOS-VII = "Seventh International Conference on Architectural Support for Programming Languages and Operating Systems"}


@string{HPCAI="	Proceedings of the First International Symposium on
High-Performance Computer Architecture"}

@string{HPCA3="	Proceedings of the Third International Symposium on
High-Performance Computer Architecture"}

@string{HPCA4="	Proceedings of the Fourth International Symposium on
High-Performance Computer Architecture"}

@string{ISCA = "Annual International Symposium on Computer Architecture"}
@string{ISCA81 = "8th " # ISCA}
@string{ISCA89 = "16th " # ISCA}
@string{ISCA93 = "20th " # ISCA}
@string{ISCA94 = "21st " # ISCA}
@string{ISCA95 = "22nd " # ISCA}
@string{ISCA96 = "23rd " # ISCA}
@string{ISCA97 = "24th " # ISCA}
@string{ISCA98 = "25th " # ISCA}
@string{ISCA99 = "26th " # ISCA}
@STRING{ieee-ToC = "IEEE Transactions on Computers"}

@STRING{pldi91="Proceedings of the ACM SIGPLAN '91 Conference on Programming Language Design and Implementation"}
@STRING{pldi90="Proceedings of the ACM SIGPLAN '90 Conference on Programming Language Design and Implementation"}
@STRING{pldi95="Proceedings of the ACM SIGPLAN Conference on Programming Language Design and Implementation"}
@STRING{pldi96="Proceedings of the ACM SIGPLAN Conference on Programming Language Design and Implementation"}
	   
	   
@STRING{SIGMETRICS87 = "Proceedings of the 1987 ACM SIGMETRICS Conference on Measurement and Modeling of Computer Systems"}
@STRING{SIGMETRICS89 = "Proceedings of the 1989 ACM SIGMETRICS Conference on Measurement and Modeling of Computer Systems"}
@STRING{SIGMETRICS90 = "Proceedings of the 1990 ACM SIGMETRICS Conference on Measurement and Modeling of Computer Systems"}

@STRING{ARCH81 = "Proceedings of the Eighth Annual International Symposium on Computer Architecture"}
@STRING{ARCH82 = "Proceedings of the Ninth Annual International Symposium on Computer Architecture"}
@STRING{ARCH83 = "Proceedings of the Tenth Annual International Symposium on Computer Architecture"}
@STRING{ARCH84 = "Proceedings of the Eleventh Annual International Symposium on Computer Architecture"}
@STRING{ARCH85 = "Proceedings of the Twelfth Annual International Symposium on Computer Architecture"}
@STRING{ARCH86 = "Proceedings of the Thirteenth Annual International Symposium on Computer Architecture"}
@STRING{ARCH87 = "Proceedings of the Fourteenth Annual International Symposium on Computer Architecture"}
@STRING{ARCH88 = "Proceedings of the Fifteenth Annual International Symposium on Computer Architecture"}
@STRING{ARCH89 = "Proceedings of the Sixteenth Annual International Symposium on Computer Architecture"}
@STRING{ARCH90 = "Proceedings of the Seventeenth Annual International Symposium on Computer Architecture"}
		  
@STRING{IWMM92 = "Proceedings of the International Workshop on Memory Management"}

@STRING{MICRO26 = "26th International Symposium on Microarchitecture"}
@STRING{MICRO27 = "27th International Symposium on Microarchitecture"}
@STRING{MICRO28 = "28th International Symposium on Microarchitecture"}
@STRING{MICRO29 = "29th International Symposium on Microarchitecture"}
@STRING{MICRO30 = "30th International Symposium on Microarchitecture"}
@STRING{MICRO31 = "31st International Symposium on Microarchitecture"}
@STRING{MICRO32 = "32nd International Symposium on Microarchitecture"}
@STRING{MICRO33 = "33rd International Symposium on Microarchitecture"}
@STRING{MICRO34 = "34th International Symposium on Microarchitecture"}
@STRING{MICRO35 = "35th International Symposium on Microarchitecture"}
@STRING{MICRO36 = "36th International Symposium on Microarchitecture"}

		  
% Conferences


%GROUP(ASPLOS82,
    BOOKTITLE = {Proceedings of the Symposium on Architectural Support for Programming Languages and Operating Systems},
    ORGANIZATION ={ACM SIGPLAN},
    ADDRESS = {Palo Alto, California},
    MONTH = Mar,
    YEAR = {1982},)

%GROUP(CCC79,
    BOOKTITLE = {Proceedings of the ACM SIGPLAN 1979 Symposium on Compiler Construction},
    ORGANIZATION = {SIGPLAN},
    ADDRESS = {Denver, Connecticut},
    MONTH = Aug,
    YEAR = {1979},)
    
%GROUP(CCC82,
    BOOKTITLE = {Proceedings of the ACM SIGPLAN 1982 Symposium on Compiler Construction},
    ORGANIZATION = {SIGPLAN},
    ADDRESS ={Boston, Massachusetts},
    MONTH = Jun,
    YEAR = {1982},)
    
%GROUP(CCC84,
    BOOKTITLE = {Proceedings of the ACM SIGPLAN 1984 Symposium on Compiler Construction},
    ORGANIZATION = {SIGPLAN},
    ADDRESS = {Montreal, Quebec},
    MONTH = Jun,
    YEAR = {1984},)

%GROUP(CHI83,
    BOOKTITLE = {Proceedings SIGCHI Conference on Human Factors in Computing Systems},
    ADDRESS = {Boston, Massachusetts},
    MONTH = Dec,
    YEAR = {1983},)

@STRING{ICSE = "International Conference on Software Engineering"}
%GROUP(ICSE3,
    BOOKTITLE = {Proceedings 3rd International Conference on Software Engineering},
    MONTH = May,
    YEAR = {1978},)
    
%GROUP(ICSE4,
    BOOKTITLE = {Proceedings 4th International Conference on Software Engineering},
    YEAR = {1979},)
    
%GROUP(ICSE5,
    BOOKTITLE = {Proceedings 5th International Conference on Software Engineering},
    ADDRESS = {San Diego, California},
    MONTH = Mar,
    YEAR = {1981},)
    
%GROUP(ICSE6,
    BOOKTITLE = {Proceedings 6th International Conference on Software Engineering},
    ADDRESS = {Tokyo, Japan},
    MONTH = Sep,
    YEAR = {1982},)
    
%GROUP(ICSE7,
    BOOKTITLE = {Proceedings 7th International Conference on Software Engineering},
    ADDRESS = {Orlando, Florida},
    MONTH = Apr,
    YEAR = {1984},)

%GROUP(PLISS83,
    BOOKTITLE = {Proceedings ACM SIGPLAN 1983 Symposium on Programming Language Issues in Software Systems},
    ORGANIZATION = {SIGPLAN},
    ADDRESS = {San Francisco, California},
    MONTH = Jun,
    YEAR = {1983},)

@STRING{POPL = "ACM Symposium on Principles of Programming Languages"}
%GROUP(POPL1,
    BOOKTITLE = {Conference Record of the First ACM Symposium on Principles of Programming Languages},
    MONTH = Jan,
    YEAR = {1974},)
    
%GROUP(POPL2, 
    BOOKTITLE = {Conference Record of the Second ACM Symposium on Principles of Programming Languages},
    MONTH = Jan,
    YEAR = {1975},)
    
%GROUP(POPL3,
    BOOKTITLE = {Conference Record of the Third ACM Symposium on Principles of Programming Languages},
    MONTH = Jan,
    YEAR = {1976},)
    
%GROUP(POPL4,
    BOOKTITLE = {Conference Record of the Fourth ACM Symposium on Principles of Programming Languages},
    MONTH = Jan,
    YEAR = {1977},)
    
%GROUP(POPL5,
    BOOKTITLE = {Conference Record of the Fifth ACM Symposium on Principles of Programming Languages},
    ADDRESS = {Tucson, Arizona},
    MONTH = Jan,
    YEAR = {1978},)
    
%GROUP(POPL6,
    BOOKTITLE = {Conference Record of the Sixth ACM Symposium on Principles of Programming Languages},
    ADDRESS = {San Antonio, Texas},
    MONTH = Jan,
    YEAR = {1979},)
    
%GROUP(POPL7,
    BOOKTITLE = {Conference Record of the Seventh ACM Symposium on Principles of Programming Languages},
    ADDRESS = {Las Vegas, Nevada},
    MONTH = Jan,
    YEAR = {1980},)
    
%GROUP(POPL8,
    BOOKTITLE = {Conference Record of the Eighth ACM Symposium on Principles of Programming Languages}, 
    ADDRESS = {Williamsburg, Virginia},
    MONTH = Jan,
    YEAR = {1981},)
    
%GROUP(POPL9, 
    BOOKTITLE = {Conference Record of the Ninth ACM Symposium on Principles of Programming Languages},
    ADDRESS = {Albuquerque, New Mexico},
    MONTH = Jan,
    YEAR = {1982},)
    
%GROUP(POPL10,
    BOOKTITLE = {Conference Record of the Tenth ACM Symposium on Principles of Programming Languages},
    ADDRESS = Austin, Texas},
    MONTH = Jan,
    YEAR = {1983},)
    
%GROUP(POPL11,
    BOOKTITLE = {Conference Record of the Eleventh ACM Symposium on Principles of Programming Languages},
    ADDRESS = {Salt Lake City, Utah},
    MONTH = Jan,
    YEAR = {1984},)
    
%GROUP(POPL12,
    BOOKTITLE = {Conference Record of the Twelfth ACM Symposium on Principles of Programming Languages},
    ADDRESS = {New Orleans, Louisiana},
    MONTH = Jan,
    YEAR = {1985},)
    
%GROUP(POPL13,
    BOOKTITLE = {Conference Record of the Thirteenth ACM Symposium on Principles of Programming Languages},
    ADDRESS = {Tampa Bay, Florida},
    MONTH = Jan,
    YEAR = {1986},)


%GROUP(PSDE84,
    BOOKTITLE = {Proceedings of the ACM SIGSOFT/SIGPLAN Software Engineering Symposium on Practical Software Development Environments},
    ADDRESS = {Pittsburgh, Pennsylvania},
    MONTH = Apr,
    YEAR = {1984},)
    
%GROUP(TEXT81,
    BOOKTITLE = {Proceedings of the ACM SIGPLAN SIGOA Symposium on Text Manipulation},
    ADDRESS = {Portland, Oregon},
    MONTH = Jun,
    YEAR = {1981},)
    
%GROUP(ADA80, 
    BOOKTITLE = {Proceedings of the ACM-SIGPLAN Symposium on the Ada Programming Language},
    ORGANIZATION = {SIGPLAN},
    MONTH = Dec,
    YEAR = {1980},
    ADDRESS = {Boston, Massachusetts},)
    
%GROUP(JER3,
    BOOKTITLE = {Proceedings Third Jerusalem Conference on Information Technology},
    ADDRESS = {Jerusalem, Israel},
    MONTH = Aug,
    YEAR = {1978},)

%GROUP(ICPP80,
    BOOKTITLE = {Proceedings of the 1980 International Conference on 
		 Parallel Processing},
    ORGANIZATION = {IEEE},
    YEAR = {1980},)

%GROUP(ICPP81,
    BOOKTITLE = {Proceedings of the 1981 International Conference on 
		 Parallel Processing},
    ORGANIZATION = {IEEE},
    YEAR = {1981},)

%GROUP(ICPP76,
    BOOKTITLE = {Proceedings of the International Conference on 
		 Parallel Processing},
    ORGANIZATION = {IEEE},
    ADDRESS = {Walden Woods, ???},
    MONTH = Aug,
    YEAR = {1976},)

%GROUP(ICPP82,
    BOOKTITLE = {Proceedings of the 1982 International Conference on 
		 Parallel Processing},
    ORGANIZATION = {IEEE},
    ADDRESS = {Ohio State University, Columbus, Ohio},
    MONTH = Aug,
    YEAR = {1982},)

%GROUP(ICPP83,
    BOOKTITLE = {Proceedings of the 1983 International Conference on 
		 Parallel Processing},
    ORGANIZATION = {IEEE},
    ADDRESS = {Ohio State University, Columbus, Ohio},
    MONTH = Aug,
    YEAR = {1983},)

%GROUP(ICPP84,
    BOOKTITLE = {Proceedings of the 1984 International Conference on 
		 Parallel Processing},
    ORGANIZATION = {IEEE},
    YEAR = {1984},)

%GROUP(ICPP85,
    BOOKTITLE = {Proceedings of the 1985 International Conference on 
		 Parallel Processing},
    ORGANIZATION = {IEEE},
    YEAR = {1985},)

%GROUP(LISPC80,
    BOOKTITLE = {Conference Record of the 1980 Lisp Conference},
    ADDRESS = {Stanford, California},
    MONTH = Aug,
    YEAR = {1980},)
    
%GROUP(LISPC82,
    BOOKTITLE = {Conference Record of the 1982 ACM Symposium on LISP
       	         and Functional Programming},
    ADDRESS = {Pittsburgh, Pennsylvania},		 
    MONTH = Aug,
    YEAR = {1982},)
    
%GROUP(LISPC84,
    BOOKTITLE = {Conference Record of the 1984 ACM Symposium on LISP
       	         and Functional Programming},
    ADDRESS = {Austin, Texas},
    MONTH = Aug,
    YEAR = {1984},)

%GROUP(LISPC86,
    BOOKTITLE = {1986 Conference on Lisp and Functional Programming},
    ADDRESS = {Cambridge, Massachusetts},
    MONTH = Aug,
    YEAR = {1986},)
    
%GROUP(ARCHC81,
    BOOKTITLE = {Proceedings of the Eighth Annual International 
		 Symposium on Computer Architecture},
    MONTH = May,
    YEAR = {1981},)
    
%GROUP(ARCHC83,
    BOOKTITLE = {Proceedings of the Tenth Annual International
		  Symposium on Computer Architecture},
    ADDRESS = {Stockholm, Sweden},		 
    MONTH = May,
    YEAR = {1981},)
    
%GROUP(ARCHC84,
    BOOKTITLE = {Proceedings of the Eleventh Annual International
		 Symposium on Computer Architecture},
    MONTH = Jun,
    YEAR = {1984},)
    
%GROUP(ARCHC85,
    BOOKTITLE = {Proceedings of the Twelfth Annual International
		  Symposium on Computer Architecture},
    ADDRESS = {Boston, Massachusetts},		 
    MONTH = Jun,
    YEAR = {1985},)
    
%GROUP(ARCHC86,
    BOOKTITLE = {Proceedings of the Thirteenth Annual International
		 Symposium on Computer Architecture},
    MONTH = Jun,
    YEAR = {1986},)

%GROUP(WJCC57,
    BOOKTITLE = {Proceedings of the Western Joint Computer Conference},
    ADDRESS = {Los Angeles, California},
    MONTH = Feb,
    YEAR = {1957},)
    
% The following are Conferences that I should include at some time
% individually as groups

@STRING{SAIPL = "Proceedings of the Symposium on Artificial
Intelligence and Programming Languages, SIGPLAN Notices"}

@STRING{COMPCON20 = "Proceedings 20th {IEEE} Computer Society International
Conference ({COMPCON})"}

@STRING{STOC = "Annual ACM Symposium on Theory of Computing"}
@STRING{SOSP = "Symposium on Operating System Principles"}
@STRING{FOCS = "Annual Symposium on Foundations of Computer Science"}
@STRING{IJCAI = "International Joint Conference on Artificial Intelligence"}
@STRING{HICSS = "Hawaii International Conference on System Science"}
@STRING{FJCC = "Fall Joint Computer Conference"}
@STRING{WJCC = "Proceedings Western Joint Computer Conference"}

@STRING{NYC = "New York, New York"}
@STRING{SOSP9 = "Proceedings of the Ninth ACM Symposium on Operating System Principles"}
@STRING{SOSP10 = "Proceedings of the Tenth ACM Symposium on Operating System Principles"}
@STRING{SOSP12 = "Proceedings of the Twelfth ACM Symposium on Operating System Principles"}

% Publishers 

%GROUP(ACPRESS,
    PUBLISHER = {Academic Press},
    ADDRESS = {New York, New York},)
%GROUP(ADDISON,
    PUBLISHER = {Addison--Wesley Publishing Company},
    ADDRESS = {Reading, Massachusetts},)
%GROUP(FREEMAN,
    PUBLISHER = {W. H. Freeman and Company},
    ADDRESS = {San Francisco, California},)
%GROUP(CSPRESS,
    PUBLISHER = {Computer Science Press},
    ADDRESS = {Woodland Hills, California},)
%GROUP(DIGITAL,
    PUBLISHER = {Digital Press},
    ADDRESS = {Burlington, Massachusetts},)        
%GROUP(IEEEP,
    PUBLISHER = {IEEE Press},
    ADDRESS = {Montvale, New Jersey},)
%GROUP(MCGRAW,
    PUBLISHER = {McGraw--Hill Book Company},
    ADDRESS = {New York, New York},)
%GROUP(MITP,
    PUBLISHER = {MIT Press},
    ADDRESS = {Cambridge, Massachusetts},)
%GROUP(NHOLL,
    PUBLISHER = {North-Holland Press},
    ADDRESS = {New York, New York},)
%GROUP(PRHALL,
    PUBLISHER = {Prentice--Hall, Inc.},
    ADDRESS = {Englewood Cliffs, New Jersey},)
%GROUP(WILEY,
    PUBLISHER = {John Wiley \& Sons},
    ADDRESS = {New York, New York},)

% These strings should really be groups, but I don't know the addresses
%

@STRING{ANSI = "American National Standards Institute"}
@STRING{GPO = "U. S. Government Printing Office"}
@STRING{HOLT = "Holt, Rinehart, and Winston"}
@STRING{SPRINGER = "Springer-Verlag"}
@STRING{SRA = "Science Research Associates"}
@STRING{WINTH = "Winthrop Publishers"}

% Institutions 

@STRING{BTL = "Bell Telephone Laboratories"}
@STRING{ATTBTL = "AT\&T Bell Telephone Laboratories"}

%GROUP(BTLMH,
    INSTITUTION = {Bell Telephone Laboratories},
    ADDRESS = {Murray Hill, New Jersey},)

%GROUP(BTLHO,
    INSTITUTION = {Bell Telephone Laboratories},
    ADDRESS = {Holmdel, New Jersey},)

%GROUP(CMU,
    INSTITUTION = {Carnegie-Mellon University},
    ADDRESS = {Pittsburgh, Pennsylvania},)

%GROUP(CMUCS,
    INSTITUTION = {Department of Computer Science, Carnegie-Mellon University},
    ADDRESS = {Pittsburgh, Pennsylvania},)

%GROUP(DG,
    INSTITUTION = {Data General}
)

%GROUP(MIT,
    INSTITUTION = {Massachusetts Institute of Technology},
    ADDRESS = {Cambridge, Massachusetts},)

%GROUP(MITLCS,
    INSTITUTION = {MIT Laboratory for Computer Science},
    ADDRESS = {Cambridge, Massachusetts},)

%GROUP(MITAI, 
    INSTITUTION = {MIT Artificial Intelligence Laboratory},
    ADDRESS = {Cambridge, Massachusetts},)

%GROUP(SU,
    INSTITUTION = {Stanford University},
    ADDRESS = {Palo Alto, California},)

%GROUP(SUCS,
    INSTITUTION = {Computer Science Department, Stanford University},
    ADDRESS = {Palo Alto, California},)

%GROUP(SUEE,
    INSTITUTION = {Department of Electrical Engineering, Stanford University},
    ADDRESS = {Palo Alto, California},)

%GROUP(UCB,
    INSTITUTION = {University of California, Berkeley},
    ADDRESS = {Berkeley, California},)

%GROUP(UCBCS,
    INSTITUTION = {Computer Science Division (EECS), University of California, Berkeley},
    ADDRESS = {Berkeley, California},)

%GROUP(UCBERL,
    INSTITUTION = {Electronics Research Laboratory (EECS), University of California, Berkeley},
    ADDRESS = {Berkeley, California},)

%GROUP(PARC,
    INSTITUTION = {Xerox Palo Alto Research Center},
    ADDRESS = {Palo Alto, California},)
    
%GROUP(UW,
    INSTITUTION = {University of Washington},
    ADDRESS = {Seattle, Washington},)
    
%GROUP(UWCS,
    INSTITUTION = {Department of Computer Science, University of Washington},
    ADDRESS = {Seattle, Washington},)

%GROUP(YALE,
    INSTITUTION = {Department of Computer Science, Yale University},
    ADDRESS = {New Haven, Connecticut},)
    
%GROUP(YALECS,
    INSTITUTION = {Department of Computer Science, Yale University},
    ADDRESS = {New Haven, Connecticut},)

%GROUP(HARVARD,
    INSTITUTION = {Harvard University},
    ADDRESS = {Cambridge, Massachusetts},)

%GROUP(HARVARDCS,
    INSTITUTION = {Center for Research in Computing Technology,
    		   Harvard University},
    ADDRESS = {Cambridge, Massachusetts},)
        
%GROUP(INDIANA,
    INSTITUTION = {Indiana University},
    ADDRESS = {Bloomington, Indiana},)
    
%GROUP(INDIANACS,
    INSTITUTION = {Department of Computer Science, Indiana University},
    ADDRESS = {Bloomington, Indiana},)
    
%GROUP(RICE,
    INSTITUTION = {Rice University},
    ADDRESS = {Somewhere, Texas},)
    
%GROUP(RICECS,
    INSTITUTION = {Department of Computer Science, Rice University},
    ADDRESS = {Somewhere, Texas},)

%GROUP(ILLINOIS,
    INSTITUTION = {University of Illinois},
    ADDRESS = {Champagne-Urbana, Illinois},)
    
%GROUP(ILLINOISCS,
    INSTITUTION = {Department of Computer Science, University of Illinois},
    ADDRESS = {Champagne-Urbana, Illinois},)

%GROUP(UTAH,
    INSTITUTION = {University of Utah},
    ADDRESS = {Salt Lake City, Utah},)
    
%GROUP(UTAHCS,
    INSTITUTION = {Department of Computer Science, University of Utah},
    ADDRESS = {Salt Lake City, Utah},)

%GROUP(DECSRC, 
       	INSTITUTION = {Digital Equipment Corporation System Research Center}, 
 	ADDRESS = {South Bay Place, California},)
    
%GROUP(DECWRL,
    INSTITUTION = {Digital Equipment Corporation Western Research Laboratory},
    ADDRESS = {South Bay Place, California},)        
    
%GROUP(BBN,
    INSTITUTION = {Bolt, Beranek, and Newman},
    ADDRESS = {Cambridge, Massachusetts},)    

@article{Mairh,
  author={Abhishek Mairh, Debabrat Barik, Kanchan Verma, Debasish Jena},
  title={Honeypot in network security: A survey},
  journal={Proceedings of the 2011 International Conference on Communication, Computing \& Security},
  year={2011},
  pages={600-605}
}

@article{Chuvakin,
  author={A. Chuvakin},
  title={“Honeynets: High Value Security Data”: Analysis of real attacks launched at a honeypot},
  publisher={Network Security},
  year={2003},
  pages={11-15}
}

@article{Gathof,
  author={S. Gathof},
  title={Deploying a Honeypot on AWS},
  publisher={Medium},
  year={2018},
  doi={https://medium.com/@sudojune/deploying-a-honeypot-on-aws-5bb414753f32},
}

@article{Chuvakin,
  author={A. Chuvakin},
  title={“Honeynets: High Value Security Data”: Analysis of real attacks launched at a honeypot},
  publisher={Network Security},
  year={2003},
  pages={11-15},
}


@article{Polyakov2018ArchitectureOT,
  title={Architecture of the Honeypot System for Studying Targeted Attacks},
  author={V. Polyakov and S. A. Lapin},
  journal={2018 XIV International Scientific-Technical Conference on Actual Problems of Electronics Instrument Engineering (APEIE)},
  year={2018},
  pages={202-205},
}

@article{Rapid7,
	author={Rapid7},
	title={{AWS} Honeypots},
	publisher={Rapid7},
	doi={https://insightidr.help.rapid7.com/docs/aws-honeypots},
}

@article{Fox,
  author={Neil Fox},
  title={Setting up dionaea \& cowrie with mhn},
  publisher={Neil Fox},
  year={2019},
  month={September},
  doi={https://neil-fox.github.io/Setting-up-Dionaea-\&-Cowrie-with-MHN},
}

@inproceedings{Dynamic,
	author = {Kuwatly, I. and Sraj, M. and Masri, Z. and Artail, H.},
	year = {2004},
	month = {08},
	pages = {95- 104},
	title = {A Dynamic Honeypot Design for Intrusion Detection},
	isbn = {0-7695-2535-0},
	doi = {10.1109/PERSER.2004.3}
}

























